% Encoding: UTF-8

@Book{Strogatz2014,
  author    = {Strogatz, Steven H.},
  publisher = {Taylor and Francis Inc},
  title     = {Nonlinear Dynamics and Chaos},
  year      = {2014},
  isbn      = {0813349109},
  month     = jul,
  ean       = {9780813349107},
  pagetotal = {531},
  url       = {https://www.ebook.de/de/product/20639922/steven_h_strogatz_nonlinear_dynamics_and_chaos.html},
}

@Book{Alligood2000,
  author    = {Alligood, Kathleen T. and Sauer, Tim D. and Yorke, James A.},
  publisher = {Springer New York},
  title     = {Chaos},
  year      = {2000},
  isbn      = {0387946772},
  month     = sep,
  ean       = {9780387946771},
  pagetotal = {632},
  url       = {https://www.ebook.de/de/product/3656183/kathleen_t_alligood_tim_d_sauer_james_a_yorke_chaos.html},
}

@Article{Lorenz1963,
  author    = {Edward N. Lorenz},
  journal   = {Journal of the Atmospheric Sciences},
  title     = {Deterministic Nonperiodic Flow},
  year      = {1963},
  month     = {mar},
  number    = {2},
  pages     = {130--141},
  volume    = {20},
  doi       = {10.1175/1520-0469(1963)020<0130:dnf>2.0.co;2},
  publisher = {American Meteorological Society},
}

@Article{Jiang1995,
  author    = {Yunping Jiang},
  journal   = {Communications in Mathematical Physics},
  title     = {On Ulam-von Neumann transformations},
  year      = {1995},
  month     = {sep},
  number    = {3},
  pages     = {449--459},
  volume    = {172},
  doi       = {10.1007/bf02101803},
  publisher = {Springer Science and Business Media {LLC}},
}

@Article{Shimada1979,
  author    = {I. Shimada and T. Nagashima},
  journal   = {Progress of Theoretical Physics},
  title     = {A Numerical Approach to Ergodic Problem of Dissipative Dynamical Systems},
  year      = {1979},
  month     = {jun},
  number    = {6},
  pages     = {1605--1616},
  volume    = {61},
  doi       = {10.1143/ptp.61.1605},
  publisher = {Oxford University Press ({OUP})},
}

@Article{Rossler1979,
  author    = {O.E. Rossler},
  journal   = {Physics Letters A},
  title     = {An equation for hyperchaos},
  year      = {1979},
  month     = {apr},
  number    = {2-3},
  pages     = {155--157},
  volume    = {71},
  doi       = {10.1016/0375-9601(79)90150-6},
  publisher = {Elsevier {BV}},
}

@Article{Hassanaly2019,
  author    = {Malik Hassanaly and Venkat Raman},
  journal   = {Journal of Computational Physics},
  title     = {Numerical convergence of the Lyapunov spectrum computed using low Mach number solvers},
  year      = {2019},
  month     = {jun},
  pages     = {467--485},
  volume    = {386},
  doi       = {10.1016/j.jcp.2019.01.040},
  publisher = {Elsevier {BV}},
}

@Comment{jabref-meta: databaseType:bibtex;}

% Encoding: UTF-8
